<collection xmlns="http://www.loc.gov/MARC21/slim">
<record>
  <leader>02455nam0a2200445 i 450 </leader>
  <controlfield tag="001">IT\ICCU\CNCE\038198</controlfield>
  <controlfield tag="005">20200806000000.0</controlfield>
  <datafield tag="012" ind1=" " ind2=" ">
    <subfield code="a">r-n- a.,&amp; ile- vngr (3) 1590 (A)</subfield>
    <subfield code="2">fei</subfield>
  </datafield>
  <datafield tag="100" ind1=" " ind2=" ">
    <subfield code="a">19981027d1590        0itac0103    ba</subfield>
  </datafield>
  <datafield tag="101" ind1=" " ind2=" ">
    <subfield code="a">ITA</subfield>
  </datafield>
  <datafield tag="102" ind1=" " ind2=" ">
    <subfield code="a">IT</subfield>
  </datafield>
  <datafield tag="200" ind1="1" ind2=" ">
    <subfield code="a">Vita et miracoli del beato Giouannibuono \!! mantoano, eremita agostiniano: morto gi ̉trecento et quarantadue anni sono. Raccolti et descritti da f. Costanzo Lodi, da S. Geruaso bresciano, teologo dell&apos;istesso Ordine dell&apos;Osseruanza di Lombardia</subfield>
  </datafield>
  <datafield tag="210" ind1=" " ind2=" ">
    <subfield code="a">In Bergamo</subfield>
    <subfield code="c">appresso Comino Ventura</subfield>
    <subfield code="d">1590</subfield>
  </datafield>
  <datafield tag="215" ind1=" " ind2=" ">
    <subfield code="a">\20!, 139, \1! p.</subfield>
    <subfield code="d">4ʻ</subfield>
  </datafield>
  <datafield tag="620" ind1=" " ind2=" ">
    <subfield code="a">IT</subfield>
    <subfield code="d">Bergamo</subfield>
  </datafield>
  <datafield tag="700" ind1=" " ind2="1">
    <subfield code="a">Lodi,</subfield>
    <subfield code="b">Costanzo</subfield>
    <subfield code="3">IT\ICCU\CNCA\008429</subfield>
  </datafield>
  <datafield tag="712" ind1="0" ind2="0">
    <subfield code="a">Ventura, Comino</subfield>
    <subfield code="3">IT\ICCU\CNCT\000028</subfield>
    <subfield code="4">650</subfield>
  </datafield>
  <datafield tag="790" ind1=" " ind2="1">
    <subfield code="a">Laudensis,</subfield>
    <subfield code="b">Constantius</subfield>
    <subfield code="3">IT\ICCU\CNCA\020501</subfield>
    <subfield code="z">Lodi, Costanzo</subfield>
  </datafield>
  <datafield tag="801" ind1=" " ind2="3">
    <subfield code="a">IT</subfield>
    <subfield code="b">ICCU</subfield>
    <subfield code="c">20201114</subfield>
  </datafield>
  <datafield tag="899" ind1=" " ind2=" ">
    <subfield code="a">Biblioteca civica A. Mai. Bergamo</subfield>
    <subfield code="1">BG0026</subfield>
    <subfield code="2">LO1 02</subfield>
  </datafield>
  <datafield tag="899" ind1=" " ind2=" ">
    <subfield code="a">Biblioteca del Convento dei Cappuccini. Bergamo</subfield>
    <subfield code="1">BG0392</subfield>
  </datafield>
  <datafield tag="899" ind1=" " ind2=" ">
    <subfield code="a">Biblioteca civica Queriniana. Brescia</subfield>
    <subfield code="1">BS0026</subfield>
    <subfield code="2">ZBS 01</subfield>
  </datafield>
  <datafield tag="899" ind1=" " ind2=" ">
    <subfield code="a">Biblioteca nazionale centrale. Firenze</subfield>
    <subfield code="1">FI0098</subfield>
    <subfield code="2">CFI CF</subfield>
  </datafield>
  <datafield tag="899" ind1=" " ind2=" ">
    <subfield code="a">Biblioteca della Societ ̉economica. Chiavari</subfield>
    <subfield code="1">GE0011</subfield>
    <subfield code="2">LI3 30</subfield>
  </datafield>
  <datafield tag="899" ind1=" " ind2=" ">
    <subfield code="a">Biblioteca statale. Lucca</subfield>
    <subfield code="1">LU0022</subfield>
    <subfield code="2">LUA BL</subfield>
  </datafield>
  <datafield tag="899" ind1=" " ind2=" ">
    <subfield code="a">Biblioteca francescano-cappuccina provinciale. Milano</subfield>
    <subfield code="1">MI0183</subfield>
    <subfield code="2">ZMI 51</subfield>
  </datafield>
  <datafield tag="899" ind1=" " ind2=" ">
    <subfield code="a">Biblioteca Ludovico Jacobilli del Seminario vescovile. Foligno</subfield>
    <subfield code="1">PG0040</subfield>
    <subfield code="2">UM1 39</subfield>
  </datafield>
  <datafield tag="899" ind1=" " ind2=" ">
    <subfield code="a">Biblioteca Palatina. Parma</subfield>
    <subfield code="1">PR0072</subfield>
    <subfield code="2">PAR PA</subfield>
  </datafield>
  <datafield tag="899" ind1=" " ind2=" ">
    <subfield code="a">Biblioteca universitaria. Pavia</subfield>
    <subfield code="1">PV0291</subfield>
    <subfield code="2">MIL UP</subfield>
  </datafield>
  <datafield tag="899" ind1=" " ind2=" ">
    <subfield code="a">Biblioteca nazionale centrale. Roma</subfield>
    <subfield code="1">RM0267</subfield>
    <subfield code="2">BVE CR</subfield>
  </datafield>
  <datafield tag="899" ind1=" " ind2=" ">
    <subfield code="a">Biblioteca universitaria Alessandrina. Roma</subfield>
    <subfield code="1">RM0280</subfield>
    <subfield code="2">RML 01</subfield>
  </datafield>
  <datafield tag="899" ind1=" " ind2=" ">
    <subfield code="a">Biblioteca Angelica. Roma</subfield>
    <subfield code="1">RM0290</subfield>
    <subfield code="2">RML 06</subfield>
  </datafield>
  <datafield tag="899" ind1=" " ind2=" ">
    <subfield code="a">Biblioteca Casanatense. Roma</subfield>
    <subfield code="1">RM0313</subfield>
    <subfield code="2">RML 07</subfield>
  </datafield>
  <datafield tag="899" ind1=" " ind2=" ">
    <subfield code="a">Biblioteca S. Alfonso. Pagani</subfield>
    <subfield code="1">SA0042</subfield>
    <subfield code="2">CAM AL</subfield>
  </datafield>
  <datafield tag="899" ind1=" " ind2=" ">
    <subfield code="a">Collezione privata Tiezzi Mazzoni Della Stella Maestri. Torrita di Siena</subfield>
    <subfield code="z">MUTILO</subfield>
    <subfield code="1">SI0161</subfield>
    <subfield code="2">ZSI 14</subfield>
  </datafield>
  <datafield tag="899" ind1=" " ind2=" ">
    <subfield code="a">Biblioteca dell&apos;ex Seminario vescovile. Amelia</subfield>
    <subfield code="1">TR0037</subfield>
    <subfield code="2">ZTR 06</subfield>
  </datafield>
  <datafield tag="899" ind1=" " ind2=" ">
    <subfield code="a">British Library. London</subfield>
    <subfield code="1">UK0001</subfield>
  </datafield>
  <datafield tag="899" ind1=" " ind2=" ">
    <subfield code="a">Biblioteca civica Bertoliana. Vicenza</subfield>
    <subfield code="1">VI0096</subfield>
    <subfield code="2">VIA BE</subfield>
  </datafield>
  <datafield tag="911" ind1=" " ind2=" ">
    <subfield code="a">Sul front.</subfield>
    <subfield code="9">IT\ICCU\CNCM\000554</subfield>
  </datafield>
  <datafield tag="921" ind1=" " ind2=" ">
    <subfield code="a">IT\ICCU\CNCM\000554</subfield>
    <subfield code="b">Fortuna (donna in mare su delfino con vela al vento). Sole sullo sfondo.</subfield>
    <subfield code="e">Bona fortunae</subfield>
    <subfield code="c">A34</subfield>
    <subfield code="c">Z573</subfield>
    <subfield code="d">Dimensioni: 3,9 x 4,8</subfield>
    <subfield code="f">BONAFORTUN</subfield>
    <subfield code="f">DELFINO</subfield>
    <subfield code="f">FORTUNA</subfield>
    <subfield code="f">SOLE</subfield>
    <subfield code="f">VELA</subfield>
    <subfield code="g">1580-1600</subfield>
  </datafield>
</record>
</collection>
